<?xml version="1.0" encoding="UTF-8"?><collection xmlns="http://www.loc.gov/MARC21/slim"><record><leader>00569nam--2200181-i-4500</leader><controlfield tag="001">000048334</controlfield><controlfield tag="002">20161230</controlfield><controlfield tag="005">20161230201046</controlfield><controlfield tag="008">060222s1000------------r-----000-0-fre-d</controlfield><datafield ind1=" " ind2=" " tag="040"><subfield code="a">IFIN-HH</subfield></datafield><datafield ind1=" " ind2=" " tag="041"><subfield code="a">fre</subfield></datafield><datafield ind1=" " ind2=" " tag="080"><subfield code="a">519.2(043)</subfield></datafield><datafield ind1="1" ind2=" " tag="100"><subfield code="a">Aoullmi, Zebida</subfield></datafield><datafield ind1="1" ind2="0" tag="245"><subfield code="a">Plans d`experiences appliques aux tests de degustation aspects parametriques et non-parametriques des analyses statistiques de ces plans. these</subfield><subfield code="c">Zebida Aoulmi</subfield></datafield><datafield ind1=" " ind2=" " tag="260"><subfield code="a">Orsay, Univ.De Paris-sud, 1979</subfield></datafield><datafield ind1=" " ind2=" " tag="300"><subfield code="a">66 P.+ XXIV</subfield></datafield><datafield ind1=" " ind2=" " tag="852"><subfield code="a">49705</subfield><subfield code="c">519.2</subfield></datafield><datafield ind1=" " ind2=" " tag="CAT"><subfield code="a">Sys</subfield><subfield code="c">20100608</subfield><subfield code="h">110032</subfield></datafield></record></collection>